<?xml version="1.0" encoding="UTF-8"?><collection xmlns="http://www.loc.gov/MARC21/slim"><record><leader>00345nam--2200121-i-4500</leader><controlfield tag="001">000002727</controlfield><controlfield tag="002">20161230</controlfield><controlfield tag="005">20161230201025</controlfield><controlfield tag="008">060222s1000------------r-----000-0-eng-d</controlfield><datafield ind1=" " ind2=" " tag="100"><subfield code="a">Duncan, A.B.F., Dieke, G.H</subfield></datafield><datafield ind1=" " ind2=" " tag="245"><subfield code="a">Spectroscopic proterties of uranium compounds</subfield></datafield><datafield ind1=" " ind2=" " tag="260"><subfield code="a">New York, Mcgraw-hill, 1949</subfield></datafield><datafield ind1=" " ind2=" " tag="490"><subfield code="a">National Nuclear Energy Series</subfield></datafield></record></collection>